<?xml version="1.0" encoding="UTF-8"?><?xml-stylesheet type="text/xsl" href="../xslt/yevmiye.xslt"?><edefter:defter xmlns:edefter="http://www.edefter.gov.tr" xmlns:xades="http://uri.etsi.org/01903/v1.3.2#" xmlns:ds="http://www.w3.org/2000/09/xmldsig#" xmlns:xsi="http://www.w3.org/2001/XMLSchema-instance" xsi:schemaLocation="http://www.edefter.gov.tr ../xsd/edefter.xsd"><xbrli:xbrl xmlns:xbrli="http://www.xbrl.org/2003/instance" xmlns:iso639="http://www.xbrl.org/2005/iso639" xmlns:link="http://www.xbrl.org/2003/linkbase" xmlns:gl-bus="http://www.xbrl.org/int/gl/bus/2006-10-25" xmlns:xlink="http://www.w3.org/1999/xlink" xmlns:gl-cor="http://www.xbrl.org/int/gl/cor/2006-10-25" xmlns:gl-plt="http://www.xbrl.org/int/gl/plt/2006-10-25" xmlns:iso4217="http://www.xbrl.org/2003/iso4217" xsi:schemaLocation="http://www.xbrl.org/int/gl/plt/2006-10-25 ../xsd/2006-10-25/plt/case-c-b/gl-plt-2006-10-25.xsd"><link:schemaRef xlink:href="../xsd/2006-10-25/plt/case-c-b/gl-plt-2006-10-25.xsd" xlink:type="simple" /><xbrli:context id="journal_context"><xbrli:entity><xbrli:identifier scheme="http://www.gib.gov.tr">6090006829</xbrli:identifier></xbrli:entity><xbrli:period><xbrli:instant>2012-12-27</xbrli:instant></xbrli:period></xbrli:context><xbrli:unit id="try"><xbrli:measure>iso4217:TRY</xbrli:measure></xbrli:unit><xbrli:unit id="countable"><xbrli:measure>xbrli:pure</xbrli:measure></xbrli:unit><gl-cor:accountingEntries><gl-cor:documentInfo><gl-cor:entriesType contextRef="journal_context">journal</gl-cor:entriesType><gl-cor:uniqueID contextRef="journal_context">YEV20110301</gl-cor:uniqueID><gl-cor:language contextRef="journal_context">iso639:tr</gl-cor:language><gl-cor:creationDate contextRef="journal_context">2012-12-27</gl-cor:creationDate><gl-bus:creator contextRef="journal_context">super</gl-bus:creator><gl-cor:entriesComment contextRef="journal_context">1 Mart 2011 - 31 Mart 2011 arası Link Bilgisayar Sistemleri Yazılımı ve Donanımı Sanayi ve Ticaret A.Ş.'ye ait yevmiye defteri</gl-cor:entriesComment><gl-cor:periodCoveredStart contextRef="journal_context">2011-03-01</gl-cor:periodCoveredStart><gl-cor:periodCoveredEnd contextRef="journal_context">2011-03-31</gl-cor:periodCoveredEnd><gl-bus:sourceApplication contextRef="journal_context">6090006829##Link Bilgisayar Sistemleri Yazılımı ve Donanımı Sanayi ve Ticaret A.Ş.##Link Güneş Sistemi Elektronik Defter Uygulaması##1.00.000</gl-bus:sourceApplication></gl-cor:documentInfo><gl-cor:entityInformation><gl-bus:entityPhoneNumber><gl-bus:phoneNumberDescription contextRef="journal_context">main</gl-bus:phoneNumberDescription><gl-bus:phoneNumber contextRef="journal_context">2165220000</gl-bus:phoneNumber></gl-bus:entityPhoneNumber><gl-bus:entityFaxNumberStructure><gl-bus:entityFaxNumber contextRef="journal_context">2164741092</gl-bus:entityFaxNumber></gl-bus:entityFaxNumberStructure><gl-bus:entityEmailAddressStructure><gl-bus:entityEmailAddress contextRef="journal_context">htn@link.com.tr</gl-bus:entityEmailAddress></gl-bus:entityEmailAddressStructure><gl-bus:organizationIdentifiers><gl-bus:organizationIdentifier contextRef="journal_context">Link Bilgisayar</gl-bus:organizationIdentifier><gl-bus:organizationDescription contextRef="journal_context">Kurum Unvanı</gl-bus:organizationDescription></gl-bus:organizationIdentifiers><gl-bus:organizationAddress><gl-bus:organizationBuildingNumber contextRef="journal_context">2</gl-bus:organizationBuildingNumber><gl-bus:organizationAddressStreet contextRef="journal_context">Kısıklı</gl-bus:organizationAddressStreet><gl-bus:organizationAddressStreet2 contextRef="journal_context">Altunizade</gl-bus:organizationAddressStreet2><gl-bus:organizationAddressCity contextRef="journal_context">İstanbul</gl-bus:organizationAddressCity><gl-bus:organizationAddressZipOrPostalCode contextRef="journal_context">34662</gl-bus:organizationAddressZipOrPostalCode><gl-bus:organizationAddressCountry contextRef="journal_context">Türkiye</gl-bus:organizationAddressCountry></gl-bus:organizationAddress><gl-bus:entityWebSite><gl-bus:webSiteURL contextRef="journal_context">http://www.link.com.tr</gl-bus:webSiteURL></gl-bus:entityWebSite><gl-bus:businessDescription contextRef="journal_context">461401</gl-bus:businessDescription><gl-bus:fiscalYearStart contextRef="journal_context">2011-01-01</gl-bus:fiscalYearStart><gl-bus:fiscalYearEnd contextRef="journal_context">2011-12-31</gl-bus:fiscalYearEnd><gl-bus:accountantInformation><gl-bus:accountantName contextRef="journal_context">Ahmet Örnek</gl-bus:accountantName><gl-bus:accountantAddress><gl-bus:accountantBuildingNumber contextRef="journal_context">38</gl-bus:accountantBuildingNumber><gl-bus:accountantStreet contextRef="journal_context">Alemdağ</gl-bus:accountantStreet><gl-bus:accountantAddressStreet2 contextRef="journal_context">Kısıklı Mah.</gl-bus:accountantAddressStreet2><gl-bus:accountantCity contextRef="journal_context">İstanbul</gl-bus:accountantCity><gl-bus:accountantCountry contextRef="journal_context">Türkiye</gl-bus:accountantCountry><gl-bus:accountantZipOrPostalCode contextRef="journal_context">34694</gl-bus:accountantZipOrPostalCode></gl-bus:accountantAddress><gl-bus:accountantEngagementTypeDescription contextRef="journal_context">SMMM sözleşmesi / 2010-01-01 / M10120</gl-bus:accountantEngagementTypeDescription><gl-bus:accountantContactInformation><gl-bus:accountantContactPhone><gl-bus:accountantContactPhoneNumberDescription contextRef="journal_context">bookkeeper</gl-bus:accountantContactPhoneNumberDescription><gl-bus:accountantContactPhoneNumber contextRef="journal_context">2165220269</gl-bus:accountantContactPhoneNumber></gl-bus:accountantContactPhone><gl-bus:accountantContactFax><gl-bus:accountantContactFaxNumber contextRef="journal_context">2165220040</gl-bus:accountantContactFaxNumber></gl-bus:accountantContactFax><gl-bus:accountantContactEmail><gl-bus:accountantContactEmailAddress contextRef="journal_context">bilgi@link.comj.tr</gl-bus:accountantContactEmailAddress></gl-bus:accountantContactEmail></gl-bus:accountantContactInformation></gl-bus:accountantInformation></gl-cor:entityInformation><gl-cor:entryHeader><gl-cor:enteredBy contextRef="journal_context">SUPER</gl-cor:enteredBy><gl-cor:enteredDate contextRef="journal_context">2011-03-01</gl-cor:enteredDate><gl-cor:entryNumber contextRef="journal_context">5168</gl-cor:entryNumber><gl-bus:totalDebit contextRef="journal_context" decimals="INF" unitRef="try">2515.00</gl-bus:totalDebit><gl-bus:totalCredit contextRef="journal_context" decimals="INF" unitRef="try">2515.00</gl-bus:totalCredit><gl-cor:entryNumberCounter contextRef="journal_context" decimals="INF" unitRef="countable">5168</gl-cor:entryNumberCounter><gl-cor:entryDetail><gl-cor:lineNumber contextRef="journal_context">13888</gl-cor:lineNumber><gl-cor:lineNumberCounter contextRef="journal_context" decimals="INF" unitRef="countable">5168</gl-cor:lineNumberCounter><gl-cor:account><gl-cor:accountMainID contextRef="journal_context">120</gl-cor:accountMainID><gl-cor:accountMainDescription contextRef="journal_context">ALICILAR</gl-cor:accountMainDescription><gl-cor:accountSub><gl-cor:accountSubDescription contextRef="journal_context">Deneme Müşteri 1</gl-cor:accountSubDescription><gl-cor:accountSubID contextRef="journal_context">120 01 00001</gl-cor:accountSubID></gl-cor:accountSub></gl-cor:account><gl-cor:amount contextRef="journal_context" decimals="INF" unitRef="try">2515.00</gl-cor:amount><gl-cor:debitCreditCode contextRef="journal_context">D</gl-cor:debitCreditCode><gl-cor:postingDate contextRef="journal_context">2011-03-01</gl-cor:postingDate><gl-cor:documentType contextRef="journal_context">invoice</gl-cor:documentType><gl-cor:documentNumber contextRef="journal_context">B 121844</gl-cor:documentNumber><gl-cor:documentReference contextRef="journal_context">5168</gl-cor:documentReference><gl-cor:documentDate contextRef="journal_context">2011-03-01</gl-cor:documentDate><gl-cor:detailComment contextRef="journal_context">Deneme Müşteri 1 Fat. B 121844</gl-cor:detailComment></gl-cor:entryDetail><gl-cor:entryDetail><gl-cor:lineNumber contextRef="journal_context">13889</gl-cor:lineNumber><gl-cor:lineNumberCounter contextRef="journal_context" decimals="INF" unitRef="countable">5168</gl-cor:lineNumberCounter><gl-cor:account><gl-cor:accountMainID contextRef="journal_context">391</gl-cor:accountMainID><gl-cor:accountMainDescription contextRef="journal_context">HESAPLANAN KDV</gl-cor:accountMainDescription><gl-cor:accountSub><gl-cor:accountSubDescription contextRef="journal_context">02.Ay Hesaplanan KDV</gl-cor:accountSubDescription><gl-cor:accountSubID contextRef="journal_context">391 44 00002</gl-cor:accountSubID></gl-cor:accountSub></gl-cor:account><gl-cor:amount contextRef="journal_context" decimals="INF" unitRef="try">452.70</gl-cor:amount><gl-cor:debitCreditCode contextRef="journal_context">C</gl-cor:debitCreditCode><gl-cor:postingDate contextRef="journal_context">2011-03-01</gl-cor:postingDate><gl-cor:documentType contextRef="journal_context">invoice</gl-cor:documentType><gl-cor:documentNumber contextRef="journal_context">B 121844</gl-cor:documentNumber><gl-cor:documentReference contextRef="journal_context">5168</gl-cor:documentReference><gl-cor:documentDate contextRef="journal_context">2011-03-01</gl-cor:documentDate><gl-cor:detailComment contextRef="journal_context">Deneme Müşteri 1 Fat. B 121844</gl-cor:detailComment></gl-cor:entryDetail><gl-cor:entryDetail><gl-cor:lineNumber contextRef="journal_context">13890</gl-cor:lineNumber><gl-cor:lineNumberCounter contextRef="journal_context" decimals="INF" unitRef="countable">5168</gl-cor:lineNumberCounter><gl-cor:account><gl-cor:accountMainID contextRef="journal_context">600</gl-cor:accountMainID><gl-cor:accountMainDescription contextRef="journal_context">YURTİÇİ SATIŞLAR</gl-cor:accountMainDescription><gl-cor:accountSub><gl-cor:accountSubDescription contextRef="journal_context">Mal Satış Gelrleri</gl-cor:accountSubDescription><gl-cor:accountSubID contextRef="journal_context">600 00 00002</gl-cor:accountSubID></gl-cor:accountSub></gl-cor:account><gl-cor:amount contextRef="journal_context" decimals="INF" unitRef="try">2062.30</gl-cor:amount><gl-cor:debitCreditCode contextRef="journal_context">C</gl-cor:debitCreditCode><gl-cor:postingDate contextRef="journal_context">2011-03-01</gl-cor:postingDate><gl-cor:documentType contextRef="journal_context">invoice</gl-cor:documentType><gl-cor:documentNumber contextRef="journal_context">B 121844</gl-cor:documentNumber><gl-cor:documentReference contextRef="journal_context">5168</gl-cor:documentReference><gl-cor:documentDate contextRef="journal_context">2011-03-01</gl-cor:documentDate><gl-cor:detailComment contextRef="journal_context">Deneme Müşteri 1 Fat. B 121844</gl-cor:detailComment></gl-cor:entryDetail></gl-cor:entryHeader><gl-cor:entryHeader><gl-cor:enteredBy contextRef="journal_context">SUPER</gl-cor:enteredBy><gl-cor:enteredDate contextRef="journal_context">2011-03-01</gl-cor:enteredDate><gl-cor:entryNumber contextRef="journal_context">5169</gl-cor:entryNumber><gl-bus:totalDebit contextRef="journal_context" decimals="INF" unitRef="try">3128.00</gl-bus:totalDebit><gl-bus:totalCredit contextRef="journal_context" decimals="INF" unitRef="try">3128.00</gl-bus:totalCredit><gl-cor:entryNumberCounter contextRef="journal_context" decimals="INF" unitRef="countable">5169</gl-cor:entryNumberCounter><gl-cor:entryDetail><gl-cor:lineNumber contextRef="journal_context">13891</gl-cor:lineNumber><gl-cor:lineNumberCounter contextRef="journal_context" decimals="INF" unitRef="countable">5169</gl-cor:lineNumberCounter><gl-cor:account><gl-cor:accountMainID contextRef="journal_context">120</gl-cor:accountMainID><gl-cor:accountMainDescription contextRef="journal_context">ALICILAR</gl-cor:accountMainDescription><gl-cor:accountSub><gl-cor:accountSubDescription contextRef="journal_context">Deneme Müşteri 2</gl-cor:accountSubDescription><gl-cor:accountSubID contextRef="journal_context">120 01 00002</gl-cor:accountSubID></gl-cor:accountSub></gl-cor:account><gl-cor:amount contextRef="journal_context" decimals="INF" unitRef="try">3128.00</gl-cor:amount><gl-cor:debitCreditCode contextRef="journal_context">D</gl-cor:debitCreditCode><gl-cor:postingDate contextRef="journal_context">2011-03-01</gl-cor:postingDate><gl-cor:documentType contextRef="journal_context">invoice</gl-cor:documentType><gl-cor:documentNumber contextRef="journal_context">B 121845</gl-cor:documentNumber><gl-cor:documentReference contextRef="journal_context">5169</gl-cor:documentReference><gl-cor:documentDate contextRef="journal_context">2011-03-01</gl-cor:documentDate><gl-cor:detailComment contextRef="journal_context">Deneme Müşteri 2 Fat. B 121845</gl-cor:detailComment></gl-cor:entryDetail><gl-cor:entryDetail><gl-cor:lineNumber contextRef="journal_context">13892</gl-cor:lineNumber><gl-cor:lineNumberCounter contextRef="journal_context" decimals="INF" unitRef="countable">5169</gl-cor:lineNumberCounter><gl-cor:account><gl-cor:accountMainID contextRef="journal_context">391</gl-cor:accountMainID><gl-cor:accountMainDescription contextRef="journal_context">HESAPLANAN KDV</gl-cor:accountMainDescription><gl-cor:accountSub><gl-cor:accountSubDescription contextRef="journal_context">03.Ay Hesaplanan KDV</gl-cor:accountSubDescription><gl-cor:accountSubID contextRef="journal_context">391 44 00003</gl-cor:accountSubID></gl-cor:accountSub></gl-cor:account><gl-cor:amount contextRef="journal_context" decimals="INF" unitRef="try">563.04</gl-cor:amount><gl-cor:debitCreditCode contextRef="journal_context">C</gl-cor:debitCreditCode><gl-cor:postingDate contextRef="journal_context">2011-03-01</gl-cor:postingDate><gl-cor:documentType contextRef="journal_context">invoice</gl-cor:documentType><gl-cor:documentNumber contextRef="journal_context">B 121845</gl-cor:documentNumber><gl-cor:documentReference contextRef="journal_context">5169</gl-cor:documentReference><gl-cor:documentDate contextRef="journal_context">2011-03-01</gl-cor:documentDate><gl-cor:detailComment contextRef="journal_context">Deneme Müşteri 2 Fat. B 121845</gl-cor:detailComment></gl-cor:entryDetail><gl-cor:entryDetail><gl-cor:lineNumber contextRef="journal_context">13893</gl-cor:lineNumber><gl-cor:lineNumberCounter contextRef="journal_context" decimals="INF" unitRef="countable">5169</gl-cor:lineNumberCounter><gl-cor:account><gl-cor:accountMainID contextRef="journal_context">600</gl-cor:accountMainID><gl-cor:accountMainDescription contextRef="journal_context">YURTİÇİ SATIŞLAR</gl-cor:accountMainDescription><gl-cor:accountSub><gl-cor:accountSubDescription contextRef="journal_context">Mal Satış Gelrleri</gl-cor:accountSubDescription><gl-cor:accountSubID contextRef="journal_context">600 00 00002</gl-cor:accountSubID></gl-cor:accountSub></gl-cor:account><gl-cor:amount contextRef="journal_context" decimals="INF" unitRef="try">2564.96</gl-cor:amount><gl-cor:debitCreditCode contextRef="journal_context">C</gl-cor:debitCreditCode><gl-cor:postingDate contextRef="journal_context">2011-03-01</gl-cor:postingDate><gl-cor:documentType contextRef="journal_context">invoice</gl-cor:documentType><gl-cor:documentNumber contextRef="journal_context">B 121845</gl-cor:documentNumber><gl-cor:documentReference contextRef="journal_context">5169</gl-cor:documentReference><gl-cor:documentDate contextRef="journal_context">2011-03-01</gl-cor:documentDate><gl-cor:detailComment contextRef="journal_context">Deneme Müşteri 2 Fat. B 121845</gl-cor:detailComment></gl-cor:entryDetail></gl-cor:entryHeader><gl-cor:entryHeader><gl-cor:enteredBy contextRef="journal_context">SUPER</gl-cor:enteredBy><gl-cor:enteredDate contextRef="journal_context">2011-03-02</gl-cor:enteredDate><gl-cor:entryNumber contextRef="journal_context">5170</gl-cor:entryNumber><gl-bus:totalDebit contextRef="journal_context" decimals="INF" unitRef="try">1195.00</gl-bus:totalDebit><gl-bus:totalCredit contextRef="journal_context" decimals="INF" unitRef="try">1195.00</gl-bus:totalCredit><gl-cor:entryNumberCounter contextRef="journal_context" decimals="INF" unitRef="countable">5170</gl-cor:entryNumberCounter><gl-cor:entryDetail><gl-cor:lineNumber contextRef="journal_context">13894</gl-cor:lineNumber><gl-cor:lineNumberCounter contextRef="journal_context" decimals="INF" unitRef="countable">5170</gl-cor:lineNumberCounter><gl-cor:account><gl-cor:accountMainID contextRef="journal_context">120</gl-cor:accountMainID><gl-cor:accountMainDescription contextRef="journal_context">ALICILAR</gl-cor:accountMainDescription><gl-cor:accountSub><gl-cor:accountSubDescription contextRef="journal_context">Deneme Müşteri 3</gl-cor:accountSubDescription><gl-cor:accountSubID contextRef="journal_context">120 01 00003</gl-cor:accountSubID></gl-cor:accountSub></gl-cor:account><gl-cor:amount contextRef="journal_context" decimals="INF" unitRef="try">1195.00</gl-cor:amount><gl-cor:debitCreditCode contextRef="journal_context">D</gl-cor:debitCreditCode><gl-cor:postingDate contextRef="journal_context">2011-03-02</gl-cor:postingDate><gl-cor:documentType contextRef="journal_context">invoice</gl-cor:documentType><gl-cor:documentNumber contextRef="journal_context">B 121846</gl-cor:documentNumber><gl-cor:documentReference contextRef="journal_context">5170</gl-cor:documentReference><gl-cor:documentDate contextRef="journal_context">2011-03-02</gl-cor:documentDate><gl-cor:detailComment contextRef="journal_context">Deneme Müşteri 3 Fat. B 121846</gl-cor:detailComment></gl-cor:entryDetail><gl-cor:entryDetail><gl-cor:lineNumber contextRef="journal_context">13895</gl-cor:lineNumber><gl-cor:lineNumberCounter contextRef="journal_context" decimals="INF" unitRef="countable">5170</gl-cor:lineNumberCounter><gl-cor:account><gl-cor:accountMainID contextRef="journal_context">391</gl-cor:accountMainID><gl-cor:accountMainDescription contextRef="journal_context">HESAPLANAN KDV</gl-cor:accountMainDescription><gl-cor:accountSub><gl-cor:accountSubDescription contextRef="journal_context">03.Ay Hesaplanan KDV</gl-cor:accountSubDescription><gl-cor:accountSubID contextRef="journal_context">391 44 00003</gl-cor:accountSubID></gl-cor:accountSub></gl-cor:account><gl-cor:amount contextRef="journal_context" decimals="INF" unitRef="try">215.10</gl-cor:amount><gl-cor:debitCreditCode contextRef="journal_context">C</gl-cor:debitCreditCode><gl-cor:postingDate contextRef="journal_context">2011-03-02</gl-cor:postingDate><gl-cor:documentType contextRef="journal_context">invoice</gl-cor:documentType><gl-cor:documentNumber contextRef="journal_context">B 121846</gl-cor:documentNumber><gl-cor:documentReference contextRef="journal_context">5170</gl-cor:documentReference><gl-cor:documentDate contextRef="journal_context">2011-03-02</gl-cor:documentDate><gl-cor:detailComment contextRef="journal_context">Deneme Müşteri 3 Fat. B 121846</gl-cor:detailComment></gl-cor:entryDetail><gl-cor:entryDetail><gl-cor:lineNumber contextRef="journal_context">13896</gl-cor:lineNumber><gl-cor:lineNumberCounter contextRef="journal_context" decimals="INF" unitRef="countable">5170</gl-cor:lineNumberCounter><gl-cor:account><gl-cor:accountMainID contextRef="journal_context">600</gl-cor:accountMainID><gl-cor:accountMainDescription contextRef="journal_context">YURTİÇİ SATIŞLAR</gl-cor:accountMainDescription><gl-cor:accountSub><gl-cor:accountSubDescription contextRef="journal_context">Mal Satış Gelrleri</gl-cor:accountSubDescription><gl-cor:accountSubID contextRef="journal_context">600 00 00002</gl-cor:accountSubID></gl-cor:accountSub></gl-cor:account><gl-cor:amount contextRef="journal_context" decimals="INF" unitRef="try">979.90</gl-cor:amount><gl-cor:debitCreditCode contextRef="journal_context">C</gl-cor:debitCreditCode><gl-cor:postingDate contextRef="journal_context">2011-03-02</gl-cor:postingDate><gl-cor:documentType contextRef="journal_context">invoice</gl-cor:documentType><gl-cor:documentNumber contextRef="journal_context">B 121846</gl-cor:documentNumber><gl-cor:documentReference contextRef="journal_context">5170</gl-cor:documentReference><gl-cor:documentDate contextRef="journal_context">2011-03-02</gl-cor:documentDate><gl-cor:detailComment contextRef="journal_context">Deneme Müşteri 3 Fat. B 121846</gl-cor:detailComment></gl-cor:entryDetail></gl-cor:entryHeader><gl-cor:entryHeader><gl-cor:enteredBy contextRef="journal_context">SUPER</gl-cor:enteredBy><gl-cor:enteredDate contextRef="journal_context">2011-03-03</gl-cor:enteredDate><gl-cor:entryNumber contextRef="journal_context">5171</gl-cor:entryNumber><gl-bus:totalDebit contextRef="journal_context" decimals="INF" unitRef="try">1855.00</gl-bus:totalDebit><gl-bus:totalCredit contextRef="journal_context" decimals="INF" unitRef="try">1855.00</gl-bus:totalCredit><gl-cor:entryNumberCounter contextRef="journal_context" decimals="INF" unitRef="countable">5171</gl-cor:entryNumberCounter><gl-cor:entryDetail><gl-cor:lineNumber contextRef="journal_context">13897</gl-cor:lineNumber><gl-cor:lineNumberCounter contextRef="journal_context" decimals="INF" unitRef="countable">5171</gl-cor:lineNumberCounter><gl-cor:account><gl-cor:accountMainID contextRef="journal_context">120</gl-cor:accountMainID><gl-cor:accountMainDescription contextRef="journal_context">ALICILAR</gl-cor:accountMainDescription><gl-cor:accountSub><gl-cor:accountSubDescription contextRef="journal_context">Deneme Müşteri 4</gl-cor:accountSubDescription><gl-cor:accountSubID contextRef="journal_context">120 01 00004</gl-cor:accountSubID></gl-cor:accountSub></gl-cor:account><gl-cor:amount contextRef="journal_context" decimals="INF" unitRef="try">1855.00</gl-cor:amount><gl-cor:debitCreditCode contextRef="journal_context">D</gl-cor:debitCreditCode><gl-cor:postingDate contextRef="journal_context">2011-03-03</gl-cor:postingDate><gl-cor:documentType contextRef="journal_context">invoice</gl-cor:documentType><gl-cor:documentNumber contextRef="journal_context">B 121847</gl-cor:documentNumber><gl-cor:documentReference contextRef="journal_context">5171</gl-cor:documentReference><gl-cor:documentDate contextRef="journal_context">2011-03-03</gl-cor:documentDate><gl-cor:detailComment contextRef="journal_context">Deneme Müşteri 4 Fat. B 121847</gl-cor:detailComment></gl-cor:entryDetail><gl-cor:entryDetail><gl-cor:lineNumber contextRef="journal_context">13898</gl-cor:lineNumber><gl-cor:lineNumberCounter contextRef="journal_context" decimals="INF" unitRef="countable">5171</gl-cor:lineNumberCounter><gl-cor:account><gl-cor:accountMainID contextRef="journal_context">391</gl-cor:accountMainID><gl-cor:accountMainDescription contextRef="journal_context">HESAPLANAN KDV</gl-cor:accountMainDescription><gl-cor:accountSub><gl-cor:accountSubDescription contextRef="journal_context">03.Ay Hesaplanan KDV</gl-cor:accountSubDescription><gl-cor:accountSubID contextRef="journal_context">391 44 00003</gl-cor:accountSubID></gl-cor:accountSub></gl-cor:account><gl-cor:amount contextRef="journal_context" decimals="INF" unitRef="try">333.90</gl-cor:amount><gl-cor:debitCreditCode contextRef="journal_context">C</gl-cor:debitCreditCode><gl-cor:postingDate contextRef="journal_context">2011-03-03</gl-cor:postingDate><gl-cor:documentType contextRef="journal_context">invoice</gl-cor:documentType><gl-cor:documentNumber contextRef="journal_context">B 121847</gl-cor:documentNumber><gl-cor:documentReference contextRef="journal_context">5171</gl-cor:documentReference><gl-cor:documentDate contextRef="journal_context">2011-03-03</gl-cor:documentDate><gl-cor:detailComment contextRef="journal_context">Deneme Müşteri 4 Fat. B 121847</gl-cor:detailComment></gl-cor:entryDetail><gl-cor:entryDetail><gl-cor:lineNumber contextRef="journal_context">13899</gl-cor:lineNumber><gl-cor:lineNumberCounter contextRef="journal_context" decimals="INF" unitRef="countable">5171</gl-cor:lineNumberCounter><gl-cor:account><gl-cor:accountMainID contextRef="journal_context">600</gl-cor:accountMainID><gl-cor:accountMainDescription contextRef="journal_context">YURTİÇİ SATIŞLAR</gl-cor:accountMainDescription><gl-cor:accountSub><gl-cor:accountSubDescription contextRef="journal_context">Mal Satış Gelrleri</gl-cor:accountSubDescription><gl-cor:accountSubID contextRef="journal_context">600 00 00002</gl-cor:accountSubID></gl-cor:accountSub></gl-cor:account><gl-cor:amount contextRef="journal_context" decimals="INF" unitRef="try">1521.10</gl-cor:amount><gl-cor:debitCreditCode contextRef="journal_context">C</gl-cor:debitCreditCode><gl-cor:postingDate contextRef="journal_context">2011-03-03</gl-cor:postingDate><gl-cor:documentType contextRef="journal_context">invoice</gl-cor:documentType><gl-cor:documentNumber contextRef="journal_context">B 121847</gl-cor:documentNumber><gl-cor:documentReference contextRef="journal_context">5171</gl-cor:documentReference><gl-cor:documentDate contextRef="journal_context">2011-03-03</gl-cor:documentDate><gl-cor:detailComment contextRef="journal_context">Deneme Müşteri 4 Fat. B 121847</gl-cor:detailComment></gl-cor:entryDetail></gl-cor:entryHeader><gl-cor:entryHeader><gl-cor:enteredBy contextRef="journal_context">SUPER</gl-cor:enteredBy><gl-cor:enteredDate contextRef="journal_context">2011-03-03</gl-cor:enteredDate><gl-cor:entryNumber contextRef="journal_context">5172</gl-cor:entryNumber><gl-bus:totalDebit contextRef="journal_context" decimals="INF" unitRef="try">2125.00</gl-bus:totalDebit><gl-bus:totalCredit contextRef="journal_context" decimals="INF" unitRef="try">2125.00</gl-bus:totalCredit><gl-cor:entryNumberCounter contextRef="journal_context" decimals="INF" unitRef="countable">5172</gl-cor:entryNumberCounter><gl-cor:entryDetail><gl-cor:lineNumber contextRef="journal_context">13900</gl-cor:lineNumber><gl-cor:lineNumberCounter contextRef="journal_context" decimals="INF" unitRef="countable">5172</gl-cor:lineNumberCounter><gl-cor:account><gl-cor:accountMainID contextRef="journal_context">120</gl-cor:accountMainID><gl-cor:accountMainDescription contextRef="journal_context">ALICILAR</gl-cor:accountMainDescription><gl-cor:accountSub><gl-cor:accountSubDescription contextRef="journal_context">Deneme Müşteri 5</gl-cor:accountSubDescription><gl-cor:accountSubID contextRef="journal_context">120 01 00005</gl-cor:accountSubID></gl-cor:accountSub></gl-cor:account><gl-cor:amount contextRef="journal_context" decimals="INF" unitRef="try">2125.00</gl-cor:amount><gl-cor:debitCreditCode contextRef="journal_context">D</gl-cor:debitCreditCode><gl-cor:postingDate contextRef="journal_context">2011-03-03</gl-cor:postingDate><gl-cor:documentType contextRef="journal_context">invoice</gl-cor:documentType><gl-cor:documentNumber contextRef="journal_context">B 121848</gl-cor:documentNumber><gl-cor:documentReference contextRef="journal_context">5172</gl-cor:documentReference><gl-cor:documentDate contextRef="journal_context">2011-03-03</gl-cor:documentDate><gl-cor:detailComment contextRef="journal_context">Deneme Müşteri 5 Fat. B 121848</gl-cor:detailComment></gl-cor:entryDetail><gl-cor:entryDetail><gl-cor:lineNumber contextRef="journal_context">13901</gl-cor:lineNumber><gl-cor:lineNumberCounter contextRef="journal_context" decimals="INF" unitRef="countable">5172</gl-cor:lineNumberCounter><gl-cor:account><gl-cor:accountMainID contextRef="journal_context">391</gl-cor:accountMainID><gl-cor:accountMainDescription contextRef="journal_context">HESAPLANAN KDV</gl-cor:accountMainDescription><gl-cor:accountSub><gl-cor:accountSubDescription contextRef="journal_context">03.Ay Hesaplanan KDV</gl-cor:accountSubDescription><gl-cor:accountSubID contextRef="journal_context">391 44 00003</gl-cor:accountSubID></gl-cor:accountSub></gl-cor:account><gl-cor:amount contextRef="journal_context" decimals="INF" unitRef="try">382.50</gl-cor:amount><gl-cor:debitCreditCode contextRef="journal_context">C</gl-cor:debitCreditCode><gl-cor:postingDate contextRef="journal_context">2011-03-03</gl-cor:postingDate><gl-cor:documentType contextRef="journal_context">invoice</gl-cor:documentType><gl-cor:documentNumber contextRef="journal_context">B 121848</gl-cor:documentNumber><gl-cor:documentReference contextRef="journal_context">5172</gl-cor:documentReference><gl-cor:documentDate contextRef="journal_context">2011-03-03</gl-cor:documentDate><gl-cor:detailComment contextRef="journal_context">Deneme Müşteri 5 Fat. B 121848</gl-cor:detailComment></gl-cor:entryDetail><gl-cor:entryDetail><gl-cor:lineNumber contextRef="journal_context">13902</gl-cor:lineNumber><gl-cor:lineNumberCounter contextRef="journal_context" decimals="INF" unitRef="countable">5172</gl-cor:lineNumberCounter><gl-cor:account><gl-cor:accountMainID contextRef="journal_context">600</gl-cor:accountMainID><gl-cor:accountMainDescription contextRef="journal_context">YURTİÇİ SATIŞLAR</gl-cor:accountMainDescription><gl-cor:accountSub><gl-cor:accountSubDescription contextRef="journal_context">Mal Satış Gelrleri</gl-cor:accountSubDescription><gl-cor:accountSubID contextRef="journal_context">600 00 00002</gl-cor:accountSubID></gl-cor:accountSub></gl-cor:account><gl-cor:amount contextRef="journal_context" decimals="INF" unitRef="try">1742.50</gl-cor:amount><gl-cor:debitCreditCode contextRef="journal_context">C</gl-cor:debitCreditCode><gl-cor:postingDate contextRef="journal_context">2011-03-03</gl-cor:postingDate><gl-cor:documentType contextRef="journal_context">invoice</gl-cor:documentType><gl-cor:documentNumber contextRef="journal_context">B 121848</gl-cor:documentNumber><gl-cor:documentReference contextRef="journal_context">5172</gl-cor:documentReference><gl-cor:documentDate contextRef="journal_context">2011-03-03</gl-cor:documentDate><gl-cor:detailComment contextRef="journal_context">Deneme Müşteri 5 Fat. B 121848</gl-cor:detailComment></gl-cor:entryDetail></gl-cor:entryHeader><gl-cor:entryHeader><gl-cor:enteredBy contextRef="journal_context">SUPER</gl-cor:enteredBy><gl-cor:enteredDate contextRef="journal_context">2011-03-04</gl-cor:enteredDate><gl-cor:entryNumber contextRef="journal_context">5173</gl-cor:entryNumber><gl-bus:totalDebit contextRef="journal_context" decimals="INF" unitRef="try">2515.00</gl-bus:totalDebit><gl-bus:totalCredit contextRef="journal_context" decimals="INF" unitRef="try">2515.00</gl-bus:totalCredit><gl-cor:entryNumberCounter contextRef="journal_context" decimals="INF" unitRef="countable">5173</gl-cor:entryNumberCounter><gl-cor:entryDetail><gl-cor:lineNumber contextRef="journal_context">13903</gl-cor:lineNumber><gl-cor:lineNumberCounter contextRef="journal_context" decimals="INF" unitRef="countable">5173</gl-cor:lineNumberCounter><gl-cor:account><gl-cor:accountMainID contextRef="journal_context">100</gl-cor:accountMainID><gl-cor:accountMainDescription contextRef="journal_context">KASA</gl-cor:accountMainDescription><gl-cor:accountSub><gl-cor:accountSubDescription contextRef="journal_context">Merkez Kasası</gl-cor:accountSubDescription><gl-cor:accountSubID contextRef="journal_context">100 00 10000</gl-cor:accountSubID></gl-cor:accountSub></gl-cor:account><gl-cor:amount contextRef="journal_context" decimals="INF" unitRef="try">2515.00</gl-cor:amount><gl-cor:debitCreditCode contextRef="journal_context">D</gl-cor:debitCreditCode><gl-cor:postingDate contextRef="journal_context">2011-03-04</gl-cor:postingDate><gl-cor:documentType contextRef="journal_context">receipt</gl-cor:documentType><gl-cor:documentNumber contextRef="journal_context">MK000003</gl-cor:documentNumber><gl-cor:documentReference contextRef="journal_context">5173</gl-cor:documentReference><gl-cor:documentDate contextRef="journal_context">2011-03-04</gl-cor:documentDate><gl-bus:paymentMethod contextRef="journal_context">Nakit</gl-bus:paymentMethod><gl-cor:detailComment contextRef="journal_context">Nakden Tahsilat</gl-cor:detailComment></gl-cor:entryDetail><gl-cor:entryDetail><gl-cor:lineNumber contextRef="journal_context">13904</gl-cor:lineNumber><gl-cor:lineNumberCounter contextRef="journal_context" decimals="INF" unitRef="countable">5173</gl-cor:lineNumberCounter><gl-cor:account><gl-cor:accountMainID contextRef="journal_context">120</gl-cor:accountMainID><gl-cor:accountMainDescription contextRef="journal_context">ALICILAR</gl-cor:accountMainDescription><gl-cor:accountSub><gl-cor:accountSubDescription contextRef="journal_context">Deneme Müşteri 1</gl-cor:accountSubDescription><gl-cor:accountSubID contextRef="journal_context">120 01 00001</gl-cor:accountSubID></gl-cor:accountSub></gl-cor:account><gl-cor:amount contextRef="journal_context" decimals="INF" unitRef="try">2515.00</gl-cor:amount><gl-cor:debitCreditCode contextRef="journal_context">C</gl-cor:debitCreditCode><gl-cor:postingDate contextRef="journal_context">2011-03-04</gl-cor:postingDate><gl-cor:documentType contextRef="journal_context">receipt</gl-cor:documentType><gl-cor:documentNumber contextRef="journal_context">MK000003</gl-cor:documentNumber><gl-cor:documentReference contextRef="journal_context">5173</gl-cor:documentReference><gl-cor:documentDate contextRef="journal_context">2011-03-04</gl-cor:documentDate><gl-bus:paymentMethod contextRef="journal_context">Nakit</gl-bus:paymentMethod><gl-cor:detailComment contextRef="journal_context">Nakden Tahsilat</gl-cor:detailComment></gl-cor:entryDetail></gl-cor:entryHeader><gl-cor:entryHeader><gl-cor:enteredBy contextRef="journal_context">SUPER</gl-cor:enteredBy><gl-cor:enteredDate contextRef="journal_context">2011-03-04</gl-cor:enteredDate><gl-cor:entryNumber contextRef="journal_context">5174</gl-cor:entryNumber><gl-bus:totalDebit contextRef="journal_context" decimals="INF" unitRef="try">3148.00</gl-bus:totalDebit><gl-bus:totalCredit contextRef="journal_context" decimals="INF" unitRef="try">3148.00</gl-bus:totalCredit><gl-cor:entryNumberCounter contextRef="journal_context" decimals="INF" unitRef="countable">5174</gl-cor:entryNumberCounter><gl-cor:entryDetail><gl-cor:lineNumber contextRef="journal_context">13905</gl-cor:lineNumber><gl-cor:lineNumberCounter contextRef="journal_context" decimals="INF" unitRef="countable">5174</gl-cor:lineNumberCounter><gl-cor:account><gl-cor:accountMainID contextRef="journal_context">120</gl-cor:accountMainID><gl-cor:accountMainDescription contextRef="journal_context">ALICILAR</gl-cor:accountMainDescription><gl-cor:accountSub><gl-cor:accountSubDescription contextRef="journal_context">Deneme Müşteri 6</gl-cor:accountSubDescription><gl-cor:accountSubID contextRef="journal_context">120 01 00006</gl-cor:accountSubID></gl-cor:accountSub></gl-cor:account><gl-cor:amount contextRef="journal_context" decimals="INF" unitRef="try">3148.00</gl-cor:amount><gl-cor:debitCreditCode contextRef="journal_context">D</gl-cor:debitCreditCode><gl-cor:postingDate contextRef="journal_context">2011-03-04</gl-cor:postingDate><gl-cor:documentType contextRef="journal_context">invoice</gl-cor:documentType><gl-cor:documentNumber contextRef="journal_context">B 121849</gl-cor:documentNumber><gl-cor:documentReference contextRef="journal_context">5174</gl-cor:documentReference><gl-cor:documentDate contextRef="journal_context">2011-03-04</gl-cor:documentDate><gl-cor:detailComment contextRef="journal_context">Deneme Müşteri 6 Fat. B 121849</gl-cor:detailComment></gl-cor:entryDetail><gl-cor:entryDetail><gl-cor:lineNumber contextRef="journal_context">13906</gl-cor:lineNumber><gl-cor:lineNumberCounter contextRef="journal_context" decimals="INF" unitRef="countable">5174</gl-cor:lineNumberCounter><gl-cor:account><gl-cor:accountMainID contextRef="journal_context">391</gl-cor:accountMainID><gl-cor:accountMainDescription contextRef="journal_context">HESAPLANAN KDV</gl-cor:accountMainDescription><gl-cor:accountSub><gl-cor:accountSubDescription contextRef="journal_context">03.Ay Hesaplanan KDV</gl-cor:accountSubDescription><gl-cor:accountSubID contextRef="journal_context">391 44 00003</gl-cor:accountSubID></gl-cor:accountSub></gl-cor:account><gl-cor:amount contextRef="journal_context" decimals="INF" unitRef="try">566.64</gl-cor:amount><gl-cor:debitCreditCode contextRef="journal_context">C</gl-cor:debitCreditCode><gl-cor:postingDate contextRef="journal_context">2011-03-04</gl-cor:postingDate><gl-cor:documentType contextRef="journal_context">invoice</gl-cor:documentType><gl-cor:documentNumber contextRef="journal_context">B 121849</gl-cor:documentNumber><gl-cor:documentReference contextRef="journal_context">5174</gl-cor:documentReference><gl-cor:documentDate contextRef="journal_context">2011-03-04</gl-cor:documentDate><gl-cor:detailComment contextRef="journal_context">Deneme Müşteri 6 Fat. B 121849</gl-cor:detailComment></gl-cor:entryDetail><gl-cor:entryDetail><gl-cor:lineNumber contextRef="journal_context">13907</gl-cor:lineNumber><gl-cor:lineNumberCounter contextRef="journal_context" decimals="INF" unitRef="countable">5174</gl-cor:lineNumberCounter><gl-cor:account><gl-cor:accountMainID contextRef="journal_context">600</gl-cor:accountMainID><gl-cor:accountMainDescription contextRef="journal_context">YURTİÇİ SATIŞLAR</gl-cor:accountMainDescription><gl-cor:accountSub><gl-cor:accountSubDescription contextRef="journal_context">Mal Satış Gelrleri</gl-cor:accountSubDescription><gl-cor:accountSubID contextRef="journal_context">600 00 00002</gl-cor:accountSubID></gl-cor:accountSub></gl-cor:account><gl-cor:amount contextRef="journal_context" decimals="INF" unitRef="try">2581.36</gl-cor:amount><gl-cor:debitCreditCode contextRef="journal_context">C</gl-cor:debitCreditCode><gl-cor:postingDate contextRef="journal_context">2011-03-04</gl-cor:postingDate><gl-cor:documentType contextRef="journal_context">invoice</gl-cor:documentType><gl-cor:documentNumber contextRef="journal_context">B 121849</gl-cor:documentNumber><gl-cor:documentReference contextRef="journal_context">5174</gl-cor:documentReference><gl-cor:documentDate contextRef="journal_context">2011-03-04</gl-cor:documentDate><gl-cor:detailComment contextRef="journal_context">Deneme Müşteri 6 Fat. B 121849</gl-cor:detailComment></gl-cor:entryDetail></gl-cor:entryHeader><gl-cor:entryHeader><gl-cor:enteredBy contextRef="journal_context">SUPER</gl-cor:enteredBy><gl-cor:enteredDate contextRef="journal_context">2011-03-07</gl-cor:enteredDate><gl-cor:entryNumber contextRef="journal_context">5175</gl-cor:entryNumber><gl-bus:totalDebit contextRef="journal_context" decimals="INF" unitRef="try">3128.00</gl-bus:totalDebit><gl-bus:totalCredit contextRef="journal_context" decimals="INF" unitRef="try">3128.00</gl-bus:totalCredit><gl-cor:entryNumberCounter contextRef="journal_context" decimals="INF" unitRef="countable">5175</gl-cor:entryNumberCounter><gl-cor:entryDetail><gl-cor:lineNumber contextRef="journal_context">13908</gl-cor:lineNumber><gl-cor:lineNumberCounter contextRef="journal_context" decimals="INF" unitRef="countable">5175</gl-cor:lineNumberCounter><gl-cor:account><gl-cor:accountMainID contextRef="journal_context">101</gl-cor:accountMainID><gl-cor:accountMainDescription contextRef="journal_context">ALINAN ÇEKLER</gl-cor:accountMainDescription><gl-cor:accountSub><gl-cor:accountSubDescription contextRef="journal_context">Çek Kasası</gl-cor:accountSubDescription><gl-cor:accountSubID contextRef="journal_context">101 00 10000</gl-cor:accountSubID></gl-cor:accountSub></gl-cor:account><gl-cor:amount contextRef="journal_context" decimals="INF" unitRef="try">3128.00</gl-cor:amount><gl-cor:debitCreditCode contextRef="journal_context">D</gl-cor:debitCreditCode><gl-cor:postingDate contextRef="journal_context">2011-03-07</gl-cor:postingDate><gl-cor:documentType contextRef="journal_context">check</gl-cor:documentType><gl-cor:documentNumber contextRef="journal_context">AC000003</gl-cor:documentNumber><gl-cor:documentReference contextRef="journal_context">5175</gl-cor:documentReference><gl-cor:documentDate contextRef="journal_context">2011-01-29</gl-cor:documentDate><gl-bus:paymentMethod contextRef="journal_context">Alacak Çeki</gl-bus:paymentMethod><gl-cor:detailComment contextRef="journal_context">Deneme Müşteri 2 çek tahsilatı</gl-cor:detailComment></gl-cor:entryDetail><gl-cor:entryDetail><gl-cor:lineNumber contextRef="journal_context">13909</gl-cor:lineNumber><gl-cor:lineNumberCounter contextRef="journal_context" decimals="INF" unitRef="countable">5175</gl-cor:lineNumberCounter><gl-cor:account><gl-cor:accountMainID contextRef="journal_context">120</gl-cor:accountMainID><gl-cor:accountMainDescription contextRef="journal_context">ALICILAR</gl-cor:accountMainDescription><gl-cor:accountSub><gl-cor:accountSubDescription contextRef="journal_context">Deneme Müşteri 2</gl-cor:accountSubDescription><gl-cor:accountSubID contextRef="journal_context">120 01 00002</gl-cor:accountSubID></gl-cor:accountSub></gl-cor:account><gl-cor:amount contextRef="journal_context" decimals="INF" unitRef="try">3128.00</gl-cor:amount><gl-cor:debitCreditCode contextRef="journal_context">C</gl-cor:debitCreditCode><gl-cor:postingDate contextRef="journal_context">2011-03-07</gl-cor:postingDate><gl-cor:documentType contextRef="journal_context">check</gl-cor:documentType><gl-cor:documentNumber contextRef="journal_context">AC000003</gl-cor:documentNumber><gl-cor:documentReference contextRef="journal_context">5175</gl-cor:documentReference><gl-cor:documentDate contextRef="journal_context">2011-01-29</gl-cor:documentDate><gl-bus:paymentMethod contextRef="journal_context">Alacak Çeki</gl-bus:paymentMethod><gl-cor:detailComment contextRef="journal_context">Deneme Müşteri 2 çek tahsilatı</gl-cor:detailComment></gl-cor:entryDetail></gl-cor:entryHeader><gl-cor:entryHeader><gl-cor:enteredBy contextRef="journal_context">SUPER</gl-cor:enteredBy><gl-cor:enteredDate contextRef="journal_context">2011-03-10</gl-cor:enteredDate><gl-cor:entryNumber contextRef="journal_context">5176</gl-cor:entryNumber><gl-bus:totalDebit contextRef="journal_context" decimals="INF" unitRef="try">1855.00</gl-bus:totalDebit><gl-bus:totalCredit contextRef="journal_context" decimals="INF" unitRef="try">1855.00</gl-bus:totalCredit><gl-cor:entryNumberCounter contextRef="journal_context" decimals="INF" unitRef="countable">5176</gl-cor:entryNumberCounter><gl-cor:entryDetail><gl-cor:lineNumber contextRef="journal_context">13910</gl-cor:lineNumber><gl-cor:lineNumberCounter contextRef="journal_context" decimals="INF" unitRef="countable">5176</gl-cor:lineNumberCounter><gl-cor:account><gl-cor:accountMainID contextRef="journal_context">102</gl-cor:accountMainID><gl-cor:accountMainDescription contextRef="journal_context">BANKALAR</gl-cor:accountMainDescription><gl-cor:accountSub><gl-cor:accountSubDescription contextRef="journal_context">HSBC TL Vadesiz Hesap</gl-cor:accountSubDescription><gl-cor:accountSubID contextRef="journal_context">102 11 33681</gl-cor:accountSubID></gl-cor:accountSub></gl-cor:account><gl-cor:amount contextRef="journal_context" decimals="INF" unitRef="try">1855.00</gl-cor:amount><gl-cor:debitCreditCode contextRef="journal_context">D</gl-cor:debitCreditCode><gl-cor:postingDate contextRef="journal_context">2011-03-10</gl-cor:postingDate><gl-cor:documentType contextRef="journal_context">other</gl-cor:documentType><gl-cor:documentTypeDescription contextRef="journal_context">Gelen EFT</gl-cor:documentTypeDescription><gl-cor:documentReference contextRef="journal_context">5176</gl-cor:documentReference><gl-cor:documentDate contextRef="journal_context">2011-03-10</gl-cor:documentDate><gl-bus:paymentMethod contextRef="journal_context">Banka</gl-bus:paymentMethod><gl-cor:detailComment contextRef="journal_context">Deneme Müşteri 4 Fat. B 121847 Ödemesi</gl-cor:detailComment></gl-cor:entryDetail><gl-cor:entryDetail><gl-cor:lineNumber contextRef="journal_context">13911</gl-cor:lineNumber><gl-cor:lineNumberCounter contextRef="journal_context" decimals="INF" unitRef="countable">5176</gl-cor:lineNumberCounter><gl-cor:account><gl-cor:accountMainID contextRef="journal_context">120</gl-cor:accountMainID><gl-cor:accountMainDescription contextRef="journal_context">ALICILAR</gl-cor:accountMainDescription><gl-cor:accountSub><gl-cor:accountSubDescription contextRef="journal_context">Deneme Müşteri 4</gl-cor:accountSubDescription><gl-cor:accountSubID contextRef="journal_context">120 01 00004</gl-cor:accountSubID></gl-cor:accountSub></gl-cor:account><gl-cor:amount contextRef="journal_context" decimals="INF" unitRef="try">1855.00</gl-cor:amount><gl-cor:debitCreditCode contextRef="journal_context">C</gl-cor:debitCreditCode><gl-cor:postingDate contextRef="journal_context">2011-03-10</gl-cor:postingDate><gl-cor:documentType contextRef="journal_context">other</gl-cor:documentType><gl-cor:documentTypeDescription contextRef="journal_context">Gelen EFT</gl-cor:documentTypeDescription><gl-cor:documentReference contextRef="journal_context">5176</gl-cor:documentReference><gl-cor:documentDate contextRef="journal_context">2011-03-10</gl-cor:documentDate><gl-bus:paymentMethod contextRef="journal_context">Banka</gl-bus:paymentMethod><gl-cor:detailComment contextRef="journal_context">Deneme Müşteri 4 Fat. B 121847 Ödemesi</gl-cor:detailComment></gl-cor:entryDetail></gl-cor:entryHeader><gl-cor:entryHeader><gl-cor:enteredBy contextRef="journal_context">SUPER</gl-cor:enteredBy><gl-cor:enteredDate contextRef="journal_context">2011-03-11</gl-cor:enteredDate><gl-cor:entryNumber contextRef="journal_context">5177</gl-cor:entryNumber><gl-bus:totalDebit contextRef="journal_context" decimals="INF" unitRef="try">2125.00</gl-bus:totalDebit><gl-bus:totalCredit contextRef="journal_context" decimals="INF" unitRef="try">2125.00</gl-bus:totalCredit><gl-cor:entryNumberCounter contextRef="journal_context" decimals="INF" unitRef="countable">5177</gl-cor:entryNumberCounter><gl-cor:entryDetail><gl-cor:lineNumber contextRef="journal_context">13912</gl-cor:lineNumber><gl-cor:lineNumberCounter contextRef="journal_context" decimals="INF" unitRef="countable">5177</gl-cor:lineNumberCounter><gl-cor:account><gl-cor:accountMainID contextRef="journal_context">121</gl-cor:accountMainID><gl-cor:accountMainDescription contextRef="journal_context">ALACAK SENETLERİ</gl-cor:accountMainDescription><gl-cor:accountSub><gl-cor:accountSubDescription contextRef="journal_context">Alınan Senetler</gl-cor:accountSubDescription><gl-cor:accountSubID contextRef="journal_context">121 00 10000</gl-cor:accountSubID></gl-cor:accountSub></gl-cor:account><gl-cor:amount contextRef="journal_context" decimals="INF" unitRef="try">2125.00</gl-cor:amount><gl-cor:debitCreditCode contextRef="journal_context">D</gl-cor:debitCreditCode><gl-cor:postingDate contextRef="journal_context">2011-03-11</gl-cor:postingDate><gl-cor:documentType contextRef="journal_context">voucher</gl-cor:documentType><gl-cor:documentNumber contextRef="journal_context">AS000003</gl-cor:documentNumber><gl-cor:documentReference contextRef="journal_context">5177</gl-cor:documentReference><gl-cor:documentDate contextRef="journal_context">2011-03-11</gl-cor:documentDate><gl-bus:paymentMethod contextRef="journal_context">Alacak Senedi</gl-bus:paymentMethod><gl-cor:detailComment contextRef="journal_context">Deneme Müşteri 2 senet tahsilatı</gl-cor:detailComment></gl-cor:entryDetail><gl-cor:entryDetail><gl-cor:lineNumber contextRef="journal_context">13913</gl-cor:lineNumber><gl-cor:lineNumberCounter contextRef="journal_context" decimals="INF" unitRef="countable">5177</gl-cor:lineNumberCounter><gl-cor:account><gl-cor:accountMainID contextRef="journal_context">120</gl-cor:accountMainID><gl-cor:accountMainDescription contextRef="journal_context">ALICILAR</gl-cor:accountMainDescription><gl-cor:accountSub><gl-cor:accountSubDescription contextRef="journal_context">Deneme Müşteri 5</gl-cor:accountSubDescription><gl-cor:accountSubID contextRef="journal_context">120 01 00005</gl-cor:accountSubID></gl-cor:accountSub></gl-cor:account><gl-cor:amount contextRef="journal_context" decimals="INF" unitRef="try">2125.00</gl-cor:amount><gl-cor:debitCreditCode contextRef="journal_context">C</gl-cor:debitCreditCode><gl-cor:postingDate contextRef="journal_context">2011-03-11</gl-cor:postingDate><gl-cor:documentType contextRef="journal_context">voucher</gl-cor:documentType><gl-cor:documentNumber contextRef="journal_context">AS000003</gl-cor:documentNumber><gl-cor:documentReference contextRef="journal_context">5177</gl-cor:documentReference><gl-cor:documentDate contextRef="journal_context">2011-03-11</gl-cor:documentDate><gl-bus:paymentMethod contextRef="journal_context">Alacak Senedi</gl-bus:paymentMethod><gl-cor:detailComment contextRef="journal_context">Deneme Müşteri 2 senet tahsilatı</gl-cor:detailComment></gl-cor:entryDetail></gl-cor:entryHeader><gl-cor:entryHeader><gl-cor:enteredBy contextRef="journal_context">SUPER</gl-cor:enteredBy><gl-cor:enteredDate contextRef="journal_context">2011-03-15</gl-cor:enteredDate><gl-cor:entryNumber contextRef="journal_context">5178</gl-cor:entryNumber><gl-bus:totalDebit contextRef="journal_context" decimals="INF" unitRef="try">3504.00</gl-bus:totalDebit><gl-bus:totalCredit contextRef="journal_context" decimals="INF" unitRef="try">3504.00</gl-bus:totalCredit><gl-cor:entryNumberCounter contextRef="journal_context" decimals="INF" unitRef="countable">5178</gl-cor:entryNumberCounter><gl-cor:entryDetail><gl-cor:lineNumber contextRef="journal_context">13914</gl-cor:lineNumber><gl-cor:lineNumberCounter contextRef="journal_context" decimals="INF" unitRef="countable">5178</gl-cor:lineNumberCounter><gl-cor:account><gl-cor:accountMainID contextRef="journal_context">120</gl-cor:accountMainID><gl-cor:accountMainDescription contextRef="journal_context">ALICILAR</gl-cor:accountMainDescription><gl-cor:accountSub><gl-cor:accountSubDescription contextRef="journal_context">Deneme Müşteri 7</gl-cor:accountSubDescription><gl-cor:accountSubID contextRef="journal_context">120 01 00007</gl-cor:accountSubID></gl-cor:accountSub></gl-cor:account><gl-cor:amount contextRef="journal_context" decimals="INF" unitRef="try">1355.00</gl-cor:amount><gl-cor:debitCreditCode contextRef="journal_context">D</gl-cor:debitCreditCode><gl-cor:postingDate contextRef="journal_context">2011-03-15</gl-cor:postingDate><gl-cor:documentType contextRef="journal_context">invoice</gl-cor:documentType><gl-cor:documentNumber contextRef="journal_context">B 121850</gl-cor:documentNumber><gl-cor:documentReference contextRef="journal_context">5178</gl-cor:documentReference><gl-cor:documentDate contextRef="journal_context">2011-03-15</gl-cor:documentDate><gl-cor:detailComment contextRef="journal_context">Deneme Müşteri 7 Fat. B 121850</gl-cor:detailComment></gl-cor:entryDetail><gl-cor:entryDetail><gl-cor:lineNumber contextRef="journal_context">13915</gl-cor:lineNumber><gl-cor:lineNumberCounter contextRef="journal_context" decimals="INF" unitRef="countable">5178</gl-cor:lineNumberCounter><gl-cor:account><gl-cor:accountMainID contextRef="journal_context">120</gl-cor:accountMainID><gl-cor:accountMainDescription contextRef="journal_context">ALICILAR</gl-cor:accountMainDescription><gl-cor:accountSub><gl-cor:accountSubDescription contextRef="journal_context">Deneme Müşteri 8</gl-cor:accountSubDescription><gl-cor:accountSubID contextRef="journal_context">120 01 00008</gl-cor:accountSubID></gl-cor:accountSub></gl-cor:account><gl-cor:amount contextRef="journal_context" decimals="INF" unitRef="try">2149.00</gl-cor:amount><gl-cor:debitCreditCode contextRef="journal_context">D</gl-cor:debitCreditCode><gl-cor:postingDate contextRef="journal_context">2011-03-15</gl-cor:postingDate><gl-cor:documentType contextRef="journal_context">invoice</gl-cor:documentType><gl-cor:documentNumber contextRef="journal_context">B 121851</gl-cor:documentNumber><gl-cor:documentReference contextRef="journal_context">5178</gl-cor:documentReference><gl-cor:documentDate contextRef="journal_context">2011-03-15</gl-cor:documentDate><gl-cor:detailComment contextRef="journal_context">Deneme Müşteri 8 Fat. B 121851</gl-cor:detailComment></gl-cor:entryDetail><gl-cor:entryDetail><gl-cor:lineNumber contextRef="journal_context">13916</gl-cor:lineNumber><gl-cor:lineNumberCounter contextRef="journal_context" decimals="INF" unitRef="countable">5178</gl-cor:lineNumberCounter><gl-cor:account><gl-cor:accountMainID contextRef="journal_context">391</gl-cor:accountMainID><gl-cor:accountMainDescription contextRef="journal_context">HESAPLANAN KDV</gl-cor:accountMainDescription><gl-cor:accountSub><gl-cor:accountSubDescription contextRef="journal_context">03.Ay Hesaplanan KDV</gl-cor:accountSubDescription><gl-cor:accountSubID contextRef="journal_context">391 44 00003</gl-cor:accountSubID></gl-cor:accountSub></gl-cor:account><gl-cor:amount contextRef="journal_context" decimals="INF" unitRef="try">243.90</gl-cor:amount><gl-cor:debitCreditCode contextRef="journal_context">C</gl-cor:debitCreditCode><gl-cor:postingDate contextRef="journal_context">2011-03-15</gl-cor:postingDate><gl-cor:documentType contextRef="journal_context">invoice</gl-cor:documentType><gl-cor:documentNumber contextRef="journal_context">B 121850</gl-cor:documentNumber><gl-cor:documentReference contextRef="journal_context">5178</gl-cor:documentReference><gl-cor:documentDate contextRef="journal_context">2011-03-15</gl-cor:documentDate><gl-cor:detailComment contextRef="journal_context">Deneme Müşteri 7 Fat. B 121850</gl-cor:detailComment></gl-cor:entryDetail><gl-cor:entryDetail><gl-cor:lineNumber contextRef="journal_context">13917</gl-cor:lineNumber><gl-cor:lineNumberCounter contextRef="journal_context" decimals="INF" unitRef="countable">5178</gl-cor:lineNumberCounter><gl-cor:account><gl-cor:accountMainID contextRef="journal_context">600</gl-cor:accountMainID><gl-cor:accountMainDescription contextRef="journal_context">YURTİÇİ SATIŞLAR</gl-cor:accountMainDescription><gl-cor:accountSub><gl-cor:accountSubDescription contextRef="journal_context">Mal Satış Gelrleri</gl-cor:accountSubDescription><gl-cor:accountSubID contextRef="journal_context">600 00 00002</gl-cor:accountSubID></gl-cor:accountSub></gl-cor:account><gl-cor:amount contextRef="journal_context" decimals="INF" unitRef="try">1111.10</gl-cor:amount><gl-cor:debitCreditCode contextRef="journal_context">C</gl-cor:debitCreditCode><gl-cor:postingDate contextRef="journal_context">2011-03-15</gl-cor:postingDate><gl-cor:documentType contextRef="journal_context">invoice</gl-cor:documentType><gl-cor:documentNumber contextRef="journal_context">B 121850</gl-cor:documentNumber><gl-cor:documentReference contextRef="journal_context">5178</gl-cor:documentReference><gl-cor:documentDate contextRef="journal_context">2011-03-15</gl-cor:documentDate><gl-cor:detailComment contextRef="journal_context">Deneme Müşteri 7 Fat. B 121850</gl-cor:detailComment></gl-cor:entryDetail><gl-cor:entryDetail><gl-cor:lineNumber contextRef="journal_context">13918</gl-cor:lineNumber><gl-cor:lineNumberCounter contextRef="journal_context" decimals="INF" unitRef="countable">5178</gl-cor:lineNumberCounter><gl-cor:account><gl-cor:accountMainID contextRef="journal_context">391</gl-cor:accountMainID><gl-cor:accountMainDescription contextRef="journal_context">HESAPLANAN KDV</gl-cor:accountMainDescription><gl-cor:accountSub><gl-cor:accountSubDescription contextRef="journal_context">03.Ay Hesaplanan KDV</gl-cor:accountSubDescription><gl-cor:accountSubID contextRef="journal_context">391 44 00003</gl-cor:accountSubID></gl-cor:accountSub></gl-cor:account><gl-cor:amount contextRef="journal_context" decimals="INF" unitRef="try">386.82</gl-cor:amount><gl-cor:debitCreditCode contextRef="journal_context">C</gl-cor:debitCreditCode><gl-cor:postingDate contextRef="journal_context">2011-03-15</gl-cor:postingDate><gl-cor:documentType contextRef="journal_context">invoice</gl-cor:documentType><gl-cor:documentNumber contextRef="journal_context">B 121851</gl-cor:documentNumber><gl-cor:documentReference contextRef="journal_context">5178</gl-cor:documentReference><gl-cor:documentDate contextRef="journal_context">2011-03-15</gl-cor:documentDate><gl-cor:detailComment contextRef="journal_context">Deneme Müşteri 8 Fat. B 121851</gl-cor:detailComment></gl-cor:entryDetail><gl-cor:entryDetail><gl-cor:lineNumber contextRef="journal_context">13919</gl-cor:lineNumber><gl-cor:lineNumberCounter contextRef="journal_context" decimals="INF" unitRef="countable">5178</gl-cor:lineNumberCounter><gl-cor:account><gl-cor:accountMainID contextRef="journal_context">600</gl-cor:accountMainID><gl-cor:accountMainDescription contextRef="journal_context">YURTİÇİ SATIŞLAR</gl-cor:accountMainDescription><gl-cor:accountSub><gl-cor:accountSubDescription contextRef="journal_context">Hizmet Gelirleri</gl-cor:accountSubDescription><gl-cor:accountSubID contextRef="journal_context">600 00 00001</gl-cor:accountSubID></gl-cor:accountSub></gl-cor:account><gl-cor:amount contextRef="journal_context" decimals="INF" unitRef="try">1762.18</gl-cor:amount><gl-cor:debitCreditCode contextRef="journal_context">C</gl-cor:debitCreditCode><gl-cor:postingDate contextRef="journal_context">2011-03-15</gl-cor:postingDate><gl-cor:documentType contextRef="journal_context">invoice</gl-cor:documentType><gl-cor:documentNumber contextRef="journal_context">B 121851</gl-cor:documentNumber><gl-cor:documentReference contextRef="journal_context">5178</gl-cor:documentReference><gl-cor:documentDate contextRef="journal_context">2011-03-15</gl-cor:documentDate><gl-cor:detailComment contextRef="journal_context">Deneme Müşteri 8 Fat. B 121851</gl-cor:detailComment></gl-cor:entryDetail></gl-cor:entryHeader><gl-cor:entryHeader><gl-cor:enteredBy contextRef="journal_context">SUPER</gl-cor:enteredBy><gl-cor:enteredDate contextRef="journal_context">2011-03-15</gl-cor:enteredDate><gl-cor:entryNumber contextRef="journal_context">5179</gl-cor:entryNumber><gl-bus:totalDebit contextRef="journal_context" decimals="INF" unitRef="try">2575.00</gl-bus:totalDebit><gl-bus:totalCredit contextRef="journal_context" decimals="INF" unitRef="try">2575.00</gl-bus:totalCredit><gl-cor:entryNumberCounter contextRef="journal_context" decimals="INF" unitRef="countable">5179</gl-cor:entryNumberCounter><gl-cor:entryDetail><gl-cor:lineNumber contextRef="journal_context">13920</gl-cor:lineNumber><gl-cor:lineNumberCounter contextRef="journal_context" decimals="INF" unitRef="countable">5179</gl-cor:lineNumberCounter><gl-cor:account><gl-cor:accountMainID contextRef="journal_context">102</gl-cor:accountMainID><gl-cor:accountMainDescription contextRef="journal_context">BANKALAR</gl-cor:accountMainDescription><gl-cor:accountSub><gl-cor:accountSubDescription contextRef="journal_context">Garanti Bank TL Vadesiz Hesap</gl-cor:accountSubDescription><gl-cor:accountSubID contextRef="journal_context">102 11 06233</gl-cor:accountSubID></gl-cor:accountSub></gl-cor:account><gl-cor:amount contextRef="journal_context" decimals="INF" unitRef="try">2575.00</gl-cor:amount><gl-cor:debitCreditCode contextRef="journal_context">D</gl-cor:debitCreditCode><gl-cor:postingDate contextRef="journal_context">2011-03-15</gl-cor:postingDate><gl-cor:documentType contextRef="journal_context">other</gl-cor:documentType><gl-cor:documentTypeDescription contextRef="journal_context">Gelen EFT</gl-cor:documentTypeDescription><gl-cor:documentReference contextRef="journal_context">5179</gl-cor:documentReference><gl-cor:documentDate contextRef="journal_context">2011-03-15</gl-cor:documentDate><gl-bus:paymentMethod contextRef="journal_context">Banka</gl-bus:paymentMethod><gl-cor:detailComment contextRef="journal_context">Deneme Müşteri 4 Fat. B 121849 Ödemesi</gl-cor:detailComment></gl-cor:entryDetail><gl-cor:entryDetail><gl-cor:lineNumber contextRef="journal_context">13921</gl-cor:lineNumber><gl-cor:lineNumberCounter contextRef="journal_context" decimals="INF" unitRef="countable">5179</gl-cor:lineNumberCounter><gl-cor:account><gl-cor:accountMainID contextRef="journal_context">120</gl-cor:accountMainID><gl-cor:accountMainDescription contextRef="journal_context">ALICILAR</gl-cor:accountMainDescription><gl-cor:accountSub><gl-cor:accountSubDescription contextRef="journal_context">Deneme Müşteri 6</gl-cor:accountSubDescription><gl-cor:accountSubID contextRef="journal_context">120 01 00006</gl-cor:accountSubID></gl-cor:accountSub></gl-cor:account><gl-cor:amount contextRef="journal_context" decimals="INF" unitRef="try">2575.00</gl-cor:amount><gl-cor:debitCreditCode contextRef="journal_context">C</gl-cor:debitCreditCode><gl-cor:postingDate contextRef="journal_context">2011-03-15</gl-cor:postingDate><gl-cor:documentType contextRef="journal_context">other</gl-cor:documentType><gl-cor:documentTypeDescription contextRef="journal_context">Gelen EFT</gl-cor:documentTypeDescription><gl-cor:documentReference contextRef="journal_context">5179</gl-cor:documentReference><gl-cor:documentDate contextRef="journal_context">2011-03-15</gl-cor:documentDate><gl-bus:paymentMethod contextRef="journal_context">Banka</gl-bus:paymentMethod><gl-cor:detailComment contextRef="journal_context">Deneme Müşteri 4 Fat. B 121849 Ödemesi</gl-cor:detailComment></gl-cor:entryDetail></gl-cor:entryHeader></gl-cor:accountingEntries></xbrli:xbrl></edefter:defter>